@techReport{main,
author = {Shaoxu Song, Han Zhu, and Jianmin Wang},
title = {Constraint-Variance Tolerant Data Repairing},
institution = {Tsinghua National Laboratory of Information Science and Technology},
year = {2016},
OPTkey = {•},
OPTtype = {•},
OPTnumber = {•},
OPTaddress = {Tsinghua University, China},
OPTmonth = {•},
OPTnote = {•},
OPTannote = {•}
}

@TechReport{Integrity,
author = {Andrea Cali, Diego Calvanese, Giuseppe De Giacomo, and Maurizio Lenzerini},
title = {Data Integration under Integrity Constraints},
institution = {Departement of Computer Sciences and System, University of Roma “La Sapienza”},
year = {•},
OPTkey = {•},
OPTtype = {•},
OPTnumber = {•},
OPTaddress = {•},
OPTmonth = {•},
OPTnote = {•},
OPTannote = {•}
}






